<?xml version="1.0" encoding="UTF-8"?><collection xmlns="http://www.loc.gov/MARC21/slim"><record><leader>00405nam--2200145-i-4500</leader><controlfield tag="001">000035468</controlfield><controlfield tag="002">20161230</controlfield><controlfield tag="005">20161230201040</controlfield><controlfield tag="008">060222s1000------------r-----000-0-eng-d</controlfield><datafield ind1=" " ind2=" " tag="080"><subfield code="a">517.51=03.82</subfield></datafield><datafield ind1=" " ind2=" " tag="100"><subfield code="a">Natanson, I.P</subfield></datafield><datafield ind1=" " ind2=" " tag="245"><subfield code="a">Teoria functiilor de variabila reala.traducere din lb. rusa</subfield></datafield><datafield ind1=" " ind2=" " tag="260"><subfield code="a">Bucuresti, Editura Tehnica, 1957. 598p</subfield></datafield><datafield ind1=" " ind2=" " tag="852"><subfield code="a">4987</subfield><subfield code="c">517.5</subfield></datafield><datafield ind1=" " ind2=" " tag="CAT"><subfield code="a">Sys</subfield><subfield code="c">20080725</subfield><subfield code="h">110401</subfield></datafield></record></collection>